@article{zhongSeq2SQL2017,
	author    = {Victor Zhong and Caiming Xiong and Richard Socher},
	title     = {Seq2SQL: Generating Structured Queries from Natural Language using Reinforcement Learning},
	journal   = {CoRR},
	volume    = {abs/1709.00103},
	year      = {2017}
}
@article{hochreiter1997long,
	title={Long short-term memory},
	author={Hochreiter, Sepp and Schmidhuber, J{\"u}rgen},
	journal={Neural computation},
	volume={9},
	number={8},
	pages={1735--1780},
	year={1997},
	publisher={MIT Press}
}
@article{xu2017sqlnet,
	title={Sqlnet: Generating structured queries from natural language without reinforcement learning},
	author={Xu, Xiaojun and Liu, Chang and Song, Dawn},
	journal={arXiv preprint arXiv:1711.04436},
	year={2017}
}
@article{devlin2018bert,
	title={Bert: Pre-training of deep bidirectional transformers for language understanding},
	author={Devlin, Jacob and Chang, Ming-Wei and Lee, Kenton and Toutanova, Kristina},
	journal={arXiv preprint arXiv:1810.04805},
	year={2018}
}
@article{sun2021chinesebert,
	title={ChineseBERT: Chinese Pretraining Enhanced by Glyph and Pinyin Information},
	author={Sun, Zijun and Li, Xiaoya and Sun, Xiaofei and Meng, Yuxian and Ao, Xiang and He, Qing and Wu, Fei and Li, Jiwei},
	journal={arXiv preprint arXiv:2106.16038},
	year={2021}
}
@article{guo2019content,
	title={Content enhanced bert-based text-to-sql generation},
	author={Guo, Tong and Gao, Huilin},
	journal={arXiv preprint arXiv:1910.07179},
	year={2019}
}
@article{hwang2019comprehensive,
	title={A comprehensive exploration on wikisql with table-aware word contextualization},
	author={Hwang, Wonseok and Yim, Jinyeong and Park, Seunghyun and Seo, Minjoon},
	journal={arXiv preprint arXiv:1902.01069},
	year={2019}
}
@article{潘璇2021基于深度学习的数据库自然语言接口综述,
	language={zh},
	title={基于深度学习的数据库自然语言接口综述},
	author={潘璇 and 徐思涵 and 蔡祥睿 and 温延龙 and 袁晓洁},
	journal={计算机研究与发展},
	volume={58},
	number={9},
	pages={1925},
	year={2021}
}